@misc{mptcp,
  title = "Multipath TCP in the Linux Kernel"
  author = "Paasch, Christoph and Barr\acute{e}, S\acute{e}bastien and others"
  url = "\url{http://www.multipath-tcp.org}"
}
